<record><leader>00000cas a22000007a 4500</leader><controlfield tag="001">28924988</controlfield><controlfield tag="008">931001d19811990mouwr ne      0    0eng d</controlfield><datafield ind1=" " ind2=" " tag="010"><subfield code="a">sn 93060408 </subfield></datafield><datafield ind1=" " ind2=" " tag="040"><subfield code="a">MQN</subfield><subfield code="b">eng</subfield><subfield code="c">MQN</subfield><subfield code="d">OCLCQ</subfield></datafield><datafield ind1=" " ind2=" " tag="042"><subfield code="a">msc</subfield></datafield><datafield ind1="0" ind2=" " tag="130"><subfield code="a">Villager (Buckner, Mo.)</subfield></datafield><datafield ind1="1" ind2="4" tag="245"><subfield code="a">The Villager.</subfield></datafield><datafield ind1=" " ind2=" " tag="260"><subfield code="a">Buckner, Mo. :</subfield><subfield code="b">Bobbie Polk, Pris Owings,</subfield><subfield code="c">1981-1990.</subfield></datafield><datafield ind1=" " ind2=" " tag="300"><subfield code="a">v.</subfield></datafield><datafield ind1=" " ind2=" " tag="310"><subfield code="a">Weekly</subfield></datafield><datafield ind1="0" ind2=" " tag="362"><subfield code="a">Vol. 7, no. 22 (June 4, 1981)-v. 15, no. 32 (Feb. 27, 1990).</subfield></datafield><datafield ind1=" " ind2="4" tag="651"><subfield code="a">Buckner (Mo.)</subfield><subfield code="v">Newspapers.</subfield></datafield><datafield ind1=" " ind2=" " tag="752"><subfield code="a">United States</subfield><subfield code="b">Missouri</subfield><subfield code="c">Jackson</subfield><subfield code="d">Buckner.</subfield></datafield><datafield ind1="0" ind2="0" tag="780"><subfield code="t">Buckner Villager</subfield><subfield code="w">(DLC)sn 93060406</subfield></datafield><datafield ind1="0" ind2="0" tag="785"><subfield code="t">Villager newspaper</subfield><subfield code="w">(DLC)sn 93060115</subfield></datafield><datafield ind1="1" ind2=" " tag="029"><subfield code="a">AU@</subfield><subfield code="b">000025865769</subfield></datafield></record>